@article{Helbing2000,
	author = {{Helbing}, D. and {Farkas}, I. and {Vicsek}, T.},
	title = "{Simulating dynamical features of escape panic}",
	journal = {Nature},
	year = {2000},
	volume = {407},
	pages = {487-490}, 	
	note = {\href{https://doi.org/10.1038/35035023}{\tt doi:10.1038/35035023}}
}

@article{Zainuddin2010,
	author = { Zarita   Zainuddin  and  Mohammed   Shuaib },
	title = {Modification of the Decision-Making Capability in the Social Force Model for the Evacuation Process},
	journal = {Transport Theory and Statistical Physics},
	volume = {39},
	number = {1},
	pages = {47-70},
	year  = {2010},
	publisher = {Taylor & Francis},
	note = {\href{https://doi.org/10.1080/00411450.2010.529979}{\tt doi:10.1080/00411450.2010.529979}}
}

@article{Wang2016,
	author = {Lei Wang and Jie-Hui Zheng and Xiao-Shuang Zhang and Jian-Lin Zhang and Qiu-Zhen Wang and Qian Zhang},
	title={Pedestriansâ€™ behavior in emergency evacuation: Modeling and simulation},
	journal={Chinese Physics B},
	volume = {25},
	number = {11},
	pages = {118901},
	year = {2016},
	note = {\href{https://doi.org/10.1088/1674-1056/25/11/118901}{\tt doi:10.1088/1674-1056/25/11/118901}}
}

@misc{Hardmeier2012,
	author = {Hans Hardmeier and Andrin Jenal and Beat Kueng and Felix Thaler},
	title = {Modelling Situations of Evacuation in a Multi-level Building},
	year = {2012},
	note = {\url{https://github.com/msssm/MultiLevelEvacuation_with_custom_C_code}}
}